@article{gierz2008atomic,
  title={Atomic hole doping of graphene},
  author={Gierz, Isabella and Riedl, Christian and Starke, Ulrich and Ast, Christian R and Kern, Klaus},
  journal={Nano letters},
  volume={8},
  number={12},
  pages={4603--4607},
  year={2008},
  publisher={ACS Publications}
}
@article{elias2011dirac,
  title={Dirac cones reshaped by interaction effects in suspended graphene},
  author={Elias, DC and Gorbachev, RV and Mayorov, AS and Morozov, SV and Zhukov, AA and Blake, P and Ponomarenko, LA and Grigorieva, IV and Novoselov, KS and Guinea, F and others},
  journal={Nature Physics},
  volume={7},
  number={9},
  pages={701--704},
  year={2011},
  publisher={Nature Publishing Group}
}
@article{attaccalite2009fermi,
  title={Fermi velocity renormalization in doped graphene},
  author={Attaccalite, C and Rubio, A},
  journal={physica status solidi (b)},
  volume={246},
  number={11-12},
  pages={2523--2526},
  year={2009},
  publisher={Wiley Online Library}
}
@article{liu2012atlas,
  title={An atlas of carbon nanotube optical transitions},
  author={Liu, Kaihui and Deslippe, Jack and Xiao, Fajun and Capaz, Rodrigo B and Hong, Xiaoping and Aloni, Shaul and Zettl, Alex and Wang, Wenlong and Bai, Xuedong and Louie, Steven G and others},
  journal={Nature nanotechnology},
  volume={7},
  number={5},
  pages={325--329},
  year={2012},
  publisher={Nature Publishing Group}
}